@misc{trivial,
  title = {Triviality},
  author = {Weisstein, Eric W.},
  howpublished = {\url{https://mathworld.wolfram.com/Trivial.html}}
}

@book{euclidsformula,
  title = {Euclid's Elements},
  author = {D. E. Joyce},
  volume = {X}
}

@misc{perfectcuboid,
  title = {Perfect Cuboid},
  author = {Weisstein, Eric W.},
  howpublished = {\url{https://mathworld.wolfram.com/PerfectCuboid.html}}
}

@misc{alcurve,
	title = {Algebraic Curve},
	author = {Weisstein, Eric W.},
	howpublished = {\url{https://mathworld.wolfram.com/AlgebraicCurve.html}}
}

@misc{abgroup,
	title = {Abelian Group},
	author = {Weisstein, Eric W.},
	howpublished = {\url{https://mathworld.wolfram.com/AbelianGroup.html}}
}

@misc{congruence,
	title = {Congruence},
	author = {Weisstein, Eric W.},
	howpublished = {\url{https://mathworld.wolfram.com/Congruence.html}}
}

@misc{residues,
	title = {Quadratic Residues},
	author = {Bruce Ikenaga},
	howpublished = {\url{https://sites.millersville.edu/bikenaga/number-theory/quadratic-residues/quadratic-residues.html}}
}

@article{pocklington,
	title = {Some Diophantine Impossibilities},
	author = {H. C. Pocklington},
	year = {1912},
	journal = {Computers And Mathematics With Applications},
	volume = {18},
	pages = {110-118}
}

@book{elliptict,
	title={Elliptic Tales: Curves, Counting, and Number Theory},
	author={Avner Ash and Robert Gross},
	year={2012}
}

@book{saunderson,
  title = {The Elements of Algebra in Ten Books},
  author = {Nicholas Saunderson},
  year = {1740},
  publisher = {Cambridge University Press},
  volume = {2},
  pages = {429-431},
  chapter = {257}
}

@book{degua, 
	title = {Modern Pure Solid Geometry},
	author = {N. Altshiller-Court},
	year = {1979},
	publisher = {New York: Chelsea},
	volume = {2},
	pages = {92}
}


@article{coxeter,
	title = {Trisecting an orthoscheme},
	author = {H. S. M. Coxeter},
	year = {1989},
	journal = {Computers And Mathematics With Applications},
	volume = {17:1-3},
	pages = {59-71}
}

@article{luca,
  title = {{Perfect Cuboids and Perfect Square Triangles}},
  author = {Florian Luca},
  year = {2000},
  journal = {Mathematics Magazine},
  volume = {73:5},
  pages = {400-401}
}

@article{sqh1,
  title = {{Counting Heron Triangles with Constraints}},
  author = {Stnic, Pantelimon and Sarkar, Santanu and Gupta, Sourav Sen and Maitra, Subhamoy and Kar, Nirupam},
  year = {2013}
}
  
@article{sqh2,
  title = {{Second primitive Heron triangle with square sides found}},
  author = {Randall Rathburn},
  year = {2018}
}

@misc{mana,
	title = {Two Squares That Sum To A Cube},
	author = {Manasataramgini, Shri},
	howpublished = {\url{https://manasataramgini.wordpress.com/2020/02/19/two-squares-that-sum-to-a-cube/}}
}

@article{leech,
	title = {{The Rational Cuboid Revisited}},
	author = {John Leech},
	year = {1977},
	journal = {The American Mathematical Monthly},
	volume = {84:7},
	pages = {518-533}
}

@article{lyness,
	title = {{Lyness Cycles}},
	author = {Stan Dolan},
	year = {2017},
	journal = {The Mathematical Gazette},
	volume = {115},
	number = {551},
	pages = {193-207},
	note = {\url{https://www.cambridge.org/core/journals/mathematical-gazette/article/abs/lyness-cycles/A847AFA4E97E1FF131E9A9F655036636}}
}

@misc{cyclic,
	note = {[Online; accessed 2023-02-28]},
	author = {Doerr, Al and Levasseur, Ken},
	year = {2021},
	month = {Aug 17},
	publisher = {University of Massachusetts Lowell},
	title = {Cyclic {Groups}},
}

@misc{trirec,
	title = {Trirectangular Tetrahedron},
	author = {Weisstein, Eric W.},
	howpublished = {\url{https://mathworld.wolfram.com/TrirectangularTetrahedron.html}}
}

@book{axioms,
	title = {Abstract Algebra},
	author = {D. S. Dummit and R. M. Foote},
	year = {2004},
	publisher = {John Wiley and Sons, Inc}
}

@article{eulerface,
	author = {Leonhard Euler},
	title = {{Observationes circa bina biquadrata quorum summam in duo alia biquadrata resolvere liceat}},
	journal = {Novi Commentarii Academiae scientiarum Imperialis Petropolitanae},
	year = {1773},
	number = {17},
	pages = {64-69},
	note = {\url{https://arxiv.org/abs/math/0505629}}
}

